1198 1504
463 204 594 218 „xv-

199 249 294 270 Habemus
315 250 371 276 igitur
390 255 409 270 ct
429 254 505 270 externa
527 251 593 277 quibus
613 251 724 271 Plutarches.
745 250 860 277 expiscemur
881 250 910 270 iu-

146 287 195 306 dicia
209 292 227 307 et
240 288 317 307 interna.
346 288 463 314 Archetypus
476 289 525 308 enim
540 289 625 308 codicum
637 288 755 314 volgatorum
764 289 811 308 liber
821 289 846 307 ita
855 288 911 308 ador-

146 328 200 343 natus
218 329 261 349 erut,
276 329 297 344 ut
314 326 452 351 proverbiorum
470 326 562 351 quaedam
576 326 630 345 series
644 333 654 345 e
668 326 750 351 quinque
763 326 801 345 illis
815 326 911 345 ordinibus

145 362 230 387 genuinis
243 363 330 388 repetitae
343 362 378 381 sub
392 363 470 388 singulis
484 363 548 382 litteris
562 363 671 388 plerumque
684 370 703 382 se
715 363 826 388 exciperent.
850 363 912 386 Quare

145 399 161 417 si
175 399 226 418 locus
241 399 322 425 quidam,
338 399 369 425 qui
384 399 403 418 in
417 400 433 418 L
447 399 569 424 desideratur,
586 400 675 426 reperitur
688 401 707 419 in
722 400 817 419 codicibus
831 400 912 425 volgatis

146 436 248 455 inculcatus
266 437 314 456 inter
330 437 417 456 lemmata
431 437 552 461 Plutarchea,
571 444 644 456 summa
657 437 786 463 probabilitati
799 437 824 456 ad
837 437 911 456 Plutar-

145 473 201 492 chum
218 473 303 498 refenur3
322 474 337 493 si
351 474 467 493 Plutarcheis
484 474 567 493 adnexus
584 477 612 493 est
625 474 655 493 'vel
669 474 750 498 vicinus,
770 474 856 493 dubitare
869 474 912 494 licet

128 525 131 526 γ
145 510 169 529 de
185 511 265 536 origine,
284 511 319 530 nisi
336 515 444 537 argumenta
460 518 483 531 ex
497 512 538 538 ipsa.
551 512 588 531 loci
602 511 666 530 indole
679 512 737 537 petita.
751 518 789 531 rem
804 512 910 531 conficiunt.

146 548 198 571 Quae
207 555 228 567 eo
238 548 315 568 certiora
324 553 401 574 possunt
410 549 489 568 inveniri
499 552 517 568 et
525 549 613 573 firmiora,
624 552 694 574 quanto
702 549 760 574 magis
768 549 814 568 haec
821 549 912 568 conlectio

145 585 238 611 discrepat
253 592 265 604 a
279 586 342 605 ceteris
356 587 447 606 omnibus.
475 586 525 606 Nam
541 586 617 612 garrulo
635 586 736 611 quodamet
747 586 821 607 novicio
837 586 912 605 dicendi

144 629 210 647 genere
226 627 326 643 narrantur
343 624 362 643 iu
379 631 401 643 ea
414 624 490 643 fabulae
504 623 606 649 singulares
620 630 632 642 a
645 623 704 649 poetis
717 623 849 642 Alexandrinis
863 626 911 643 trac-

144 663 193 679 tatae
207 660 266 685 (prov.
284 662 293 679 1
308 667 336 686 sq.
352 662 363 680 6
377 661 432 686 sqq.),
451 664 552 686 tanguntur
571 668 599 680 res
617 664 679 686 gestae
693 660 798 680 Alexandri
815 667 912 686 moresque

146 697 276 722 Macedonum,
292 698 361 723 quippe
375 704 386 717 a
400 698 468 723 quibus
478 698 603 717 Alexandriae
617 698 683 717 civitas
696 698 786 723 orig-inem
800 698 857 717 ducat
870 698 888 723 (3
898 699 911 717 4

145 734 186 760 26);
201 735 293 760 prodeunt
305 735 324 754 in
333 742 419 754 scaenam
429 735 464 755 sub
473 735 529 755 finem
538 735 655 761 potissimum
665 735 727 754 libelli
737 735 766 754 dei
776 735 911 761 Aegyptiorum

144 775 226 791 veterum
240 776 296 797 atque
309 779 361 798 reges
374 773 405 799 (17
420 774 444 792 21
459 774 483 792 23
499 773 537 799 25),
552 773 653 792 Ptolemaei
668 780 710 792 cum
722 773 775 792 novis
785 772 911 792 Alexandriae

144 809 173 828 dis
190 809 298 829 tutelaribus
312 810 399 835 regiaque
412 810 484 829 familia
497 810 529 836 (13
545 812 569 829 22
585 812 609 829 27
625 811 666 836 30),
681 810 809 836 imperatores,
825 810 909 834 artifim,

143 847 271 872 grammatici,
294 847 402 873 philosophi
422 847 469 866 inter
486 847 624 866 Alexandrinos
642 847 714 867 nobiles
733 847 766 873 (20
784 848 809 866 24
827 848 852 866 26
871 846 910 873 29).

144 883 218 903 Similia
231 884 263 903 ubi
277 884 350 903 codices
364 884 435 909 vulgati
449 884 540 910 praebent
553 891 595 903 cum
609 884 738 903 Laurentianis
752 884 857 908 coniuncta,
874 890 910 903 ex-

143 921 237 946 plorata
251 924 287 940 est
300 922 368 947 origo
379 921 521 941 Plutarohea
534 928 576 940 nec
590 921 665 940 minus
678 925 741 940 certa
755 928 820 947 quam
835 928 910 940 eorum

144 964 205 983 quae
221 959 357 977 recensione
374 958 543 977 Laurentiaua
564 958 692 977 traduntur.
721 958 794 981 Quibus
808 958 911 977 rationibus

143 995 202 1014 adiuti
220 1002 256 1021 qun
274 995 312 1015 fere
328 996 370 1015 loco
386 996 460 1021 singula
473 996 575 1015 exciderint
589 996 698 1022 plerumque
711 1002 809 1022 possumus
823 995 909 1015 divinari.

143 1033 209 1058 Neque
229 1036 291 1052 tamen
309 1033 329 1052 in
351 1040 405 1059 opere
422 1033 505 1052 funditus
522 1033 583 1052 diluto
602 1036 620 1052 et
638 1033 714 1052 disiecto
732 1040 788 1052 unam
806 1036 911 1058 certamque

143 1070 205 1089 sedem
221 1070 329 1095 fragmentis
347 1070 386 1089 illis
403 1071 429 1089 ita
446 1077 517 1096 semper
535 1070 634 1096 adsignare
648 1071 693 1090 mihi
708 1070 794 1094 videbar,
813 1073 834 1089 ut
847 1070 910 1089 nullus

143 1107 256 1126 dubitationi
273 1107 325 1126 loeus
342 1108 480 1132 relinqueretur.
511 1107 573 1131 Quare
591 1114 711 1133 quaecunque
728 1114 738 1126 e
756 1107 851 1126 codicibus
868 1107 910 1126 vol-

142 1145 190 1169 gatis
203 1145 261 1170 petita
274 1148 318 1163 sunt
331 1145 459 1164 additamenta
473 1144 531 1163 altera
542 1145 582 1164 acie
592 1145 721 1163 [laurentianis
733 1144 830 1163 succedere
839 1144 910 1170 placuit

142 1181 216 1201 incertis
234 1188 245 1201 a
260 1182 313 1201 certis
331 1182 417 1201 asterisco
430 1182 514 1208 praefixo
530 1182 603 1201 secretis
617 1182 695 1207 locoque
709 1182 741 1201 ubi
754 1181 844 1201 excidisse
857 1181 910 1201 vide-

142 1223 205 1238 rentur
219 1226 275 1244 quam
289 1219 396 1238 brevissime
410 1219 498 1238 indicato.
